@misc{TR:InCoSe-Vision:2035,
  author       = {{International Council on Systems Engineering}},
  title        = {{Systems Engineering Vision 2035}},
  year         = {2035},
  howpublished = {\url{https://www.incose.org/publications/se-vision-2035}},
  note         = {Accessed: 2024-04-15},
  creationdate = {2024-04-12T12:05:17},
  owner        = {mamrani},
}

@Article{J:Amrani-etAl:2020,
  author       = {Amrani, Moussa and Blouin, Dominique and Heinrich, Robert and Rensink, Arend and Vangheluwe, Hans and Wortmann, Andreas},
  journal      = {Software and Systems Modelling},
  title        = {{Multi-Paradigm Modelling for Cyber-Physical Systems: A Descriptive Framework}},
  year         = {2020},
  number       = {1},
  pages        = {611--639},
  volume       = {20},
  creationdate = {2024-04-12T15:14:37},
  owner        = {mamrani},
  timestamp    = {2020-11-24},
}

@Article{J:Gomes-etAl:2018,
  author       = {Gomes, Claudio and Thule, Casper and Broman, David and Larsen, Peter Gorm and Vangheluwe, Hans},
  journal      = {{ACM Computer Survey}},
  title        = {{Co-Simulation: A Survey}},
  year         = {2018},
  number       = {3},
  pages        = {33},
  volume       = {51},
  creationdate = {2024-04-14T12:59:08},
  owner        = {mamrani},
}

@Comment{jabref-meta: databaseType:bibtex;}
